<?xml version="1.0" encoding="UTF-8"?><record xmlns="http://www.loc.gov/MARC21/slim" xmlns:cinclude="http://apache.org/cocoon/include/1.0" xmlns:zs="http://www.loc.gov/zing/srw/">
  <leader>00373nz  a2200133n  4500</leader>
  <controlfield tag="001">no2008024851</controlfield>
  <controlfield tag="003">DLC</controlfield>
  <controlfield tag="005">20080220090022.0</controlfield>
  <controlfield tag="008">080215n| acannaabn          |n aaa     c</controlfield>
  <datafield tag="010" ind1=" " ind2=" ">
    <subfield code="a">no2008024851</subfield>
  </datafield>
  <datafield tag="035" ind1=" " ind2=" ">
    <subfield code="a">(OCoLC)oca07660365</subfield>
  </datafield>
  <datafield tag="040" ind1=" " ind2=" ">
    <subfield code="a">PaPiCLS</subfield>
    <subfield code="b">eng</subfield>
    <subfield code="c">PaPiCLS</subfield>
  </datafield>
  <datafield tag="100" ind1="1" ind2=" ">
    <subfield code="a">Krill, Gilbert</subfield>
  </datafield>
  <datafield tag="670" ind1=" " ind2=" ">
    <subfield code="a">Picasso [VR] c2003:</subfield>
    <subfield code="b">caption (Gilbert Krill; grandson of Fernande Olivier)</subfield>
  </datafield>
</record>